@unpublished{unpublished,
author = {Lars Lundberg and Håkan Lennerstad and Veselka Boeva and Eva García-Martín}, 
year = 2019,
title = "Handling non-linear relationship in support vector machines through Hyperplanefolding",
note = "submitted",
}

@book{Flach:2012:MLA:2490546,
 author = {Flach, Peter},
 title = "Machine Learning: The Art and Science of Algorithms That Make Sense of Data",
 year = {2012},
 isbn = {1107422221, 9781107422223},
 publisher = {Cambridge University Press},
 address = {New York, NY, USA},
} 


@book{Japkowicz:2011,
 author = {Japkowicz, Nathalie},
 title = "Evaluating Learning Algorithms",
 year = {2011},
 isbn = {9780511921803},
 publisher = {Cambridge University Press},
 address = {New York, NY, USA},
} 

@article{SVMsolvers,
  title={Support vector machine solvers},
  author={Bottou, L{\'e}on and Lin, Chih-Jen},
  publisher = {MIT press},
  year = {2007},
}


@article{PiotrRandomRotation,
 author = {Blaser, Rico and Fryzlewicz, Piotr},
 title = {Random Rotation Ensembles},
 journal = {J. Mach. Learn. Res.},
 issue_date = {January 2016},
 volume = {17},
 number = {1},
 month = jan,
 year = {2016},
 issn = {1532-4435},
 pages = {126--151},
 numpages = {26},
 url = {http://dl.acm.org.miman.bib.bth.se/citation.cfm?id=2946645.2946649},
 acmid = {2946649},
 publisher = {JMLR.org},
 keywords = {ensemble diversity, feature rotation, smooth decision boundary},
} 

@article{wardoyo,
	author = {Abdiansah Abdiansah and Retantyo Wardoyo},
	title = {Article: Time Complexity Analysis of Support Vector Machines (SVM) in LibSVM},
	journal = {International Journal of Computer Applications},
	year = {2015},
	volume = {128},
	number = {3},
	pages = {28-34},
	month = {October},
	note = {Published by Foundation of Computer Science (FCS), NY, USA}
}

@article{scikit-learn,
 title={Scikit-learn: Machine Learning in {P}ython},
 author={Pedregosa, F. and Varoquaux, G. and Gramfort, A. and Michel, V.
         and Thirion, B. and Grisel, O. and Blondel, M. and Prettenhofer, P.
         and Weiss, R. and Dubourg, V. and Vanderplas, J. and Passos, A. and
         Cournapeau, D. and Brucher, M. and Perrot, M. and Duchesnay, E.},
 journal={Journal of Machine Learning Research},
 volume={12},
 pages={2825--2830},
 year={2011}
}

@book{berndtsson,
author = {Berndtsson, Mikael and Hansson, Jörgen and Olsson, Björn and Lundell, Björn},
year = {2008},
month = {01},
pages = {},
title = {Thesis Projects: A Guide for Students in Computer Science and Information Systems},
isbn = {978-1-84800-008-7},
journal = {Thesis Projects: A Guide for Students in Computer Science and Information Systems: Second Edition},
doi = {10.1007/978-1-84800-009-4},
publisher = {Springer}
}

@article{Belkin:2003:LED:795523.795528,
 author = {Belkin, Mikhail and Niyogi, Partha},
 title = {Laplacian Eigenmaps for Dimensionality Reduction and Data Representation},
 journal = {Neural Comput.},
 issue_date = {June 2003},
 volume = {15},
 number = {6},
 month = jun,
 year = {2003},
 issn = {0899-7667},
 pages = {1373--1396},
 numpages = {24},
 url = {http://dx.doi.org/10.1162/089976603321780317},
 doi = {10.1162/089976603321780317},
 acmid = {795528},
 publisher = {MIT Press},
 address = {Cambridge, MA, USA},
} 

@article{Cortes:1995:SN:218919.218929,
 author = {Cortes, Corinna and Vapnik, Vladimir},
 title = {Support-Vector Networks},
 journal = {Mach. Learn.},
 issue_date = {Sept. 1995},
 volume = {20},
 number = {3},
 month = sep,
 year = {1995},
 issn = {0885-6125},
 pages = {273--297},
 numpages = {25},
 url = {https://doi.org/10.1023/A:1022627411411},
 doi = {10.1023/A:1022627411411},
 acmid = {218929},
 publisher = {Kluwer Academic Publishers},
 address = {Hingham, MA, USA},
 keywords = {efficient learning algorithms, neural networks, pattern recognition, polynomial classifiers, radial basis function classifiers},
}

@article{PWLSVM,
  title={Support vector
machines with piecewise linear feature mapping},
  author={Huang, Xiaolin and Mehrkanoon, Siamak and Suykens, Johan, A, K, },
  journal = {Neurocomputing 117},
  year = {2013},
  pages = {118–127},
}

@article{featurescaling-br,
author = {KumarSingh, Bikesh and Verma, Kesari and S. Thoke, A},
year = {2015},
month = {04},
pages = {11-15},
title = {Investigations on Impact of Feature Normalization Techniques on Classifier&apos;s Performance in Breast Tumor Classification},
volume = {116},
journal = {International Journal of Computer Applications},
doi = {10.5120/20443-2793}
}

@INPROCEEDINGS{featurescaling-svm,
author={A. {Stolcke} and S. {Kajarekar} and L. {Ferrer}},
booktitle={2008 IEEE International Conference on Acoustics, Speech and Signal Processing},
title={Nonparametric feature normalization for SVM-based speaker verification},
year={2008},
volume={},
number={},
pages={1577-1580},
keywords={feature extraction;speaker recognition;support vector machines;nonparametric feature normalization;SVM-based speaker verification;scaling approaches;support vector machines;phone N-grams;MLLR transforms;prosodic sequences;word N-gram features;mean-variance normalization;rank-normalization;Kernel;Support vector machines;Maximum likelihood linear regression;Cepstral analysis;Feature extraction;Speaker recognition;Speech recognition;Laboratories;Support vector machine classification;Loudspeakers;Speaker verification;SVM modeling;feature normalization;kernel design},
doi={10.1109/ICASSP.2008.4517925},
ISSN={1520-6149},
month={March},}

@InProceedings{featurescaling-org,
author="Graf, Arnulf B.A.
and Borer, Silvio",
editor="Radig, Bernd
and Florczyk, Stefan",
title="Normalization in Support Vector Machines",
booktitle="Pattern Recognition",
year="2001",
publisher="Springer Berlin Heidelberg",
address="Berlin, Heidelberg",
pages="277--282",
isbn="978-3-540-45404-5"
}

@ARTICLE{1077809,
author={R. {Herbrich} and T. {Graepel}},
journal={IEEE Transactions on Information Theory},
title={A PAC-Bayesian margin bound for linear classifiers},
year={2002},
volume={48},
number={12},
pages={3140-3150},
keywords={probability;signal classification;Bayes methods;learning automata;error analysis;learning (artificial intelligence);PAC-Bayesian margin bound;linear classifiers;generalization error;refined margin quantity;training sample;probably approximately correct;geometrical arguments;exponential improvement;tightest margin bound;luckiness framework;inverse margin;input dimensions;nontrivial bound values;maximum margins;complexity;hypothesis space;support vector machine;feature vectors;support vector machines;normalized feature vectors;numerical simulations;error bound;model selection;machine learning;Lattices;Vector quantization;Codes;Silicon;Kelvin;Error correction;Support vector machines},
doi={10.1109/TIT.2002.805090},
ISSN={0018-9448},
month={Dec},}


@inproceedings{vapnik1,
 author = {Boser, Bernhard E. and Guyon, Isabelle M. and Vapnik, Vladimir N.},
 title = {A Training Algorithm for Optimal Margin Classifiers},
 booktitle = {Proceedings of the Fifth Annual Workshop on Computational Learning Theory},
 series = {COLT '92},
 year = {1992},
 isbn = {0-89791-497-X},
 location = {Pittsburgh, Pennsylvania, USA},
 pages = {144--152},
 numpages = {9},
 url = {http://doi.acm.org.miman.bib.bth.se/10.1145/130385.130401},
 doi = {10.1145/130385.130401},
 acmid = {130401},
 publisher = {ACM},
 address = {New York, NY, USA},
} 


@article{Chawla:2004:ESI:1007730.1007733,
 author = {Chawla, Nitesh V. and Japkowicz, Nathalie and Kotcz, Aleksander},
 title = {Editorial: Special Issue on Learning from Imbalanced Data Sets},
 journal = {SIGKDD Explor. Newsl.},
 issue_date = {June 2004},
 volume = {6},
 number = {1},
 month = jun,
 year = {2004},
 issn = {1931-0145},
 pages = {1--6},
 numpages = {6},
 url = {http://doi.acm.org.miman.bib.bth.se/10.1145/1007730.1007733},
 doi = {10.1145/1007730.1007733},
 acmid = {1007733},
 publisher = {ACM},
 address = {New York, NY, USA},
} 

@ARTICLE{ensamble,
author={X. {Liu} and J. {Wu} and Z. {Zhou}},
journal={IEEE Transactions on Systems, Man, and Cybernetics, Part B (Cybernetics)},
title={Exploratory Undersampling for Class-Imbalance Learning},
year={2009},
volume={39},
number={2},
pages={539-550},
keywords={data mining;learning (artificial intelligence);class-imbalance learning;EasyEnsemble;BalanceCascade;F-measure;G-mean;data mining;machine learning;Machine learning;Learning systems;Error analysis;Costs;Data mining;Research and development;Laboratories;Credit cards;Sampling methods;Class-imbalance learning;data mining;ensemble learning;machine learning;undersampling;Class-imbalance learning;data mining;ensemble learning;machine learning;undersampling},
doi={10.1109/TSMCB.2008.2007853},
ISSN={1083-4419},
month={April},}

@inproceedings{Kohavi:1995:SCB:1643031.1643047,
 author = {Kohavi, Ron},
 title = {A Study of Cross-validation and Bootstrap for Accuracy Estimation and Model Selection},
 booktitle = {Proceedings of the 14th International Joint Conference on Artificial Intelligence - Volume 2},
 series = {IJCAI'95},
 year = {1995},
 isbn = {1-55860-363-8},
 location = {Montreal, Quebec, Canada},
 pages = {1137--1143},
 numpages = {7},
 url = {http://dl.acm.org/citation.cfm?id=1643031.1643047},
 acmid = {1643047},
 publisher = {Morgan Kaufmann Publishers Inc.},
 address = {San Francisco, CA, USA},
} 

% data set
@inproceedings {breastcancer,
  author = "W Wolberg and O Mangasarian",
  title = "Multisurface method of pattern separation for medical diagnosis applied to breast cytology,",
  pages = "9193--9196",
  month = "Dec",
  year = "1990",
  booktitle = "Proceedings of the National Academy of Sciences",
} 

% data set
 @misc{Dua:2019 ,
author = "Dua, Dheeru and Graff, Casey",
year = "2017",
title = "{UCI} Machine Learning Repository",
url = "http://archive.ics.uci.edu/ml",
institution = "University of California, Irvine, School of Information and Computer Sciences" } 

@article{hingeplane,

author={Breiman,L.},

year={1993},

title={Hinging hyperplanes for regression, classification, and function approximation},

journal={IEEE Transactions on Information Theory},

volume={39},

number={3},

pages={999-1013},


isbn={0018-9448},

language={English},

}

@article{
reducetraining,
author = {Koggalage, R and Halgamuge, Saman},
year = {2004},
month = {01},
pages = {57-65},
title = {Reducing the number of training samples for Fast Support Vector Machine Classification},
volume = {2},
journal = {Neural Information Processing-Letters and Reviews}
}

@article{parksklansky, 
author={ {Youngtae Park} and J. {Sklansky}}, 
booktitle={[1988 Proceedings] 9th International Conference on Pattern Recognition}, 
title={Automated design of piecewise-linear classifiers of multiple-class data}, 
year={1988}, 
volume={}, 
number={}, 
pages={1068-1071 vol.2}, 
keywords={Bayes methods;decision theory;pattern recognition;pattern recognition;multiple-class piecewise-linear classifiers;hyperplanes;near-Bayes-optimal decision surface;ship images;error rate;k-nearest-neighbor rule;Piecewise linear techniques;Design methodology;Error analysis;Statistical distributions;Cellular neural networks;Process design;Lifting equipment;Data engineering;Design engineering;Marine vehicles}, 
doi={10.1109/ICPR.1988.28443}, 
ISSN={}, 
month={May},}

@article{tenmoto

author={TENMOTO,HIROSHI and KUDO,MINEICHI and SHIMBO,MASARU},

year={1998},

title={PIECEWISE LINEAR CLASSIFIERS WITH AN APPROPRIATE NUMBER OF HYPERPLANES},

journal={Pattern Recognition},

volume={31},

number={11},

pages={1627-1634},

isbn={0031-3203},

language={English},

}

@article{multiconlitron

author={Yujian,Li and Bo,Liu and Xinwu,Yang and Yaozong,Fu and Houjun,Li},

year={2011},

title={Multiconlitron: A General Piecewise Linear Classifier},

journal={IEEE Transactions on Neural Networks},

volume={22},

number={2},

pages={276-289},


isbn={1045-9227},

language={English},

}